@misc{NCEI-Data,
    author          = {{National Centers For Environmental Information}},
    howpublished    = {\url{https://www.ncei.noaa.gov/cdo-web/search}},
    title           = {Climate Data Online Search},
    year            = {2023},
    note            = {Search prompt: Oakland Intenrational Airport, Daily Summaries, from 2000-01-01 to 2023-10-31 }
}

@misc{split-sklearn,
    author       = {{scikit-learn developers}},
    howpublished = {\url{https://scikit-learn.org/stable/modules/generated/sklearn.model_selection.train_test_split.html}},
    title        = {train\_test\_split},
    year         = {2023},
}